 @manual{G12012,
  title  = "49,3\% das pessoas acima de 25 anos não concluíram o ensino fundamental",
  author = "G1",
  note   = "\url{http://g1.globo.com/educacao/noticia/2012/12/493-das-pessoas-acima-de-25-anos-nao-concluiram-o-ensino-fundamental.html}",
  year   = "2012"
}
 @manual{OGLOBO16,
  title  = "No Brasil, 44\% começam a trabalhar antes dos 14 anos",
  author = "L. Carneiro and D. Costa and D. Gullino",
  note   = "\url{https://oglobo.globo.com/economia/no-brasil-44-comecam-trabalhar-antes-dos-14-anos-20582545}",
  year   = "2016"
}

@manual{G112,
  title  = "Nordeste concentra mais da metade dos analfabetos do país, diz IBGE",
  author = "G1",
  note   = "\url{http://g1.globo.com/educacao/noticia/2012/09/nordeste-concentra-mais-da-metade-dos-analfabetos-do-pais-diz-ibge.html}",
  year   = "2012"
}

@manual{UOL2012,
  title  = "Escolas da zona rural sofrem com infraestrutura precária",
  author = "UOL",
  note   = "\url{https://portal.aprendiz.uol.com.br/arquivo/2012/04/13/escolas-da-zona-rural-sofrem-com-infraestrutura-precaria/}",
  year   = "2012"
}

@manual{G12011,
  title  = "Enem 2010 tem somente 13 escolas públicas entre as cem melhores",
  author = "G1",
  note   = "\url{http://g1.globo.com/educacao/noticia/2011/09/enem-2010-tem-somente-13-escolas-publicas-entre-cem-melhores.html}",
  year   = "2011"
}